<record><leader>00000cas a2200000 a 4500</leader><controlfield tag="001">13450863</controlfield><controlfield tag="008">860418c19869999cauwr ne      0   a0eng c</controlfield><controlfield tag="009">467</controlfield><datafield ind1=" " ind2=" " tag="010"><subfield code="a">sn 86013936 </subfield></datafield><datafield ind1=" " ind2=" " tag="040"><subfield code="a">NSD</subfield><subfield code="b">eng</subfield><subfield code="c">NSD</subfield><subfield code="d">CLU</subfield><subfield code="d">NSD</subfield><subfield code="d">OCLCQ</subfield><subfield code="d">OCLCA</subfield><subfield code="d">OCLCF</subfield></datafield><datafield ind1=" " ind2=" " tag="012"><subfield code="m">y</subfield></datafield><datafield ind1="1" ind2=" " tag="022"><subfield code="a">0888-0468</subfield><subfield code="l">0888-0468</subfield><subfield code="y">0194-4983</subfield><subfield code="2">1</subfield></datafield><datafield ind1="1" ind2=" " tag="029"><subfield code="a">AU@</subfield><subfield code="b">000022727838</subfield></datafield><datafield ind1=" " ind2=" " tag="032"><subfield code="a">468530</subfield><subfield code="b">USPS</subfield></datafield><datafield ind1=" " ind2=" " tag="037"><subfield code="b">Jewish Publications Inc., 3660 Wilshire Blvd., Los Angeles, CA 90010</subfield><subfield code="c">$23.50</subfield></datafield><datafield ind1=" " ind2=" " tag="042"><subfield code="a">nsdp</subfield><subfield code="a">pcc</subfield></datafield><datafield ind1=" " ind2=" " tag="043"><subfield code="a">n-us-ca</subfield></datafield><datafield ind1="1" ind2="0" tag="050"><subfield code="a">ISSN RECORD</subfield></datafield><datafield ind1="1" ind2="4" tag="050"><subfield code="a">AP92</subfield><subfield code="b">.J4957</subfield></datafield><datafield ind1=" " ind2="4" tag="222"><subfield code="a">The Jewish journal of greater Los Angeles.</subfield></datafield><datafield ind1="0" ind2="4" tag="245"><subfield code="a">The Jewish journal of greater Los Angeles.</subfield></datafield><datafield ind1="1" ind2="0" tag="246"><subfield code="a">Jewish journal</subfield></datafield><datafield ind1=" " ind2=" " tag="260"><subfield code="a">Los Angeles, Calif. :</subfield><subfield code="b">Jewish Publications,</subfield><subfield code="c">1986-</subfield></datafield><datafield ind1=" " ind2=" " tag="300"><subfield code="a">v. :</subfield><subfield code="b">ill. ;</subfield><subfield code="c">39 cm.</subfield></datafield><datafield ind1=" " ind2=" " tag="310"><subfield code="a">Weekly (every Thurs.)</subfield></datafield><datafield ind1="0" ind2=" " tag="362"><subfield code="a">Vol. 1, no. 1 (Feb. 28-Mar. 6, 1986)-</subfield></datafield><datafield ind1=" " ind2=" " tag="530"><subfield code="a">Issues for Jan. 7, 2000- also available online via the World Wide Web.</subfield></datafield><datafield ind1=" " ind2="0" tag="650"><subfield code="a">Jews</subfield><subfield code="v">Periodicals.</subfield></datafield><datafield ind1=" " ind2="0" tag="650"><subfield code="a">Jews</subfield><subfield code="z">California</subfield><subfield code="z">Los Angeles</subfield><subfield code="v">Periodicals.</subfield></datafield><datafield ind1=" " ind2="7" tag="655"><subfield code="a">Periodicals.</subfield><subfield code="2">fast</subfield><subfield code="0">(OCoLC)fst01411641</subfield></datafield><datafield ind1=" " ind2="7" tag="650"><subfield code="a">Jews.</subfield><subfield code="2">fast</subfield><subfield code="0">(OCoLC)fst00983135</subfield></datafield><datafield ind1=" " ind2="7" tag="651"><subfield code="a">California</subfield><subfield code="z">Los Angeles.</subfield><subfield code="2">fast</subfield><subfield code="0">(OCoLC)fst01204540</subfield></datafield><datafield ind1=" " ind2=" " tag="752"><subfield code="a">United States</subfield><subfield code="b">California</subfield><subfield code="c">Los Angeles County</subfield><subfield code="d">Los Angeles.</subfield></datafield><datafield ind1="0" ind2="0" tag="780"><subfield code="t">Los Angeles Jewish community bulletin</subfield><subfield code="x">0194-4983</subfield><subfield code="w">(DLC)sn 79000450</subfield><subfield code="w">(OCoLC)3698139</subfield></datafield><datafield ind1="0" ind2=" " tag="770"><subfield code="t">Jewish life (Los Angeles, Calif.)</subfield><subfield code="w">(DLC)  2006223127</subfield><subfield code="w">(OCoLC)70715000</subfield></datafield><datafield ind1="0" ind2=" " tag="770"><subfield code="t">Jewish family</subfield><subfield code="w">(DLC)  2008222592</subfield><subfield code="w">(OCoLC)229135058</subfield></datafield><datafield ind1="4" ind2="1" tag="856"><subfield code="u">http://bibpurl.oclc.org/web/1094</subfield><subfield code="u">http://www.jewishjournal.com</subfield></datafield><datafield ind1=" " ind2=" " tag="936"><subfield code="a">Vol. 15, no. 37 (Nov. 10-16, 2000) LIC</subfield></datafield></record>